@book{leveque2002finite,
  title={Finite volume methods for hyperbolic problems},
  author={LeVeque, Randall J and others},
  volume={31},
  year={2002},
  publisher={Cambridge university press}
}

@article{costa2005numerical,
  title={Numerical simulation of lava flows based on depth-averaged equations},
  author={Costa, Antonio and Macedonio, Giovanni},
  journal={Geophysical Research Letters},
  volume={32},
  number={5},
  year={2005},
  publisher={Wiley Online Library}
}


@article{cordonnier2016benchmarking,
  title={Benchmarking lava-flow models},
  author={Cordonnier, B and Lev, E and Garel, Fanny},
  journal={Geological Society, London, Special Publications},
  volume={426},
  number={1},
  pages={425--445},
  year={2016},
  publisher={Geological Society of London}
}

@misc{clawpack,
    title={Clawpack software},
    author={{Clawpack Development Team}},
    url={http://www.clawpack.org},
    note={Version 5.7.1},
    doi={https://doi.org/10.5281/zenodo.4025432},
    year={2020}}

@article{monthe1999positivity,
  title={Positivity preserving finite volume Roe: schemes for transport-diffusion equations},
  author={Monthe, LA and Benkhaldoun, F1 and Elmahi, I},
  journal={Computer Methods in Applied Mechanics and Engineering},
  volume={178},
  number={3-4},
  pages={215--232},
  year={1999},
  publisher={Elsevier}
}

@article{dietterich2017benchmarking,
  title={Benchmarking computational fluid dynamics models of lava flow simulation for hazard assessment, forecasting, and risk management},
  author={Dietterich, Hannah R and Lev, Einat and Chen, Jiangzhi and Richardson, Jacob A and Cashman, Katharine V},
  journal={Journal of Applied Volcanology},
  volume={6},
  number={1},
  pages={1--14},
  year={2017},
  publisher={Springer}
}
